@inproceedings{blairgoldensohn2011,
    author = {Blair-Goldensohn, Sasha and Hannan, Kerry and McDonald, Ryan and Neylon, Tyler and Reis, George and Reynar, Jeff},
    booktitle = {{WWW Workshop on NLP Challenges in the Information Explosion Era (NLPIX)}},
    citeulike-article-id = {6759161},
    keywords = {data\_mining},
    posted-at = {2010-03-04 05:51:03},
    priority = {2},
    title = {{Building a Sentiment Summarizer for Local Service Reviews}},
    year = {2008}
}

@misc{comscore2007,
  author = {{comScore, Inc.}},
  title = {{Online Consumer-Generated Reviews Have Significant Impact on Offline Purchase Behavior}},
  year = {November 29, 2007},
  note = {http://bit.ly/comScore\_-\_Online-Reviews}
}

@misc{chicagolaw2005,
  author = {{The University of Chicago Law School, The Faculty Blog}},
  title = {{Polarization: Planned and Spontaneous}},
  year = {December 03, 2005},
  note = {http://uchicagolaw.typepad.com/faculty/2005/12/polarization\_pl.html}
}

@misc{alchemyapi2011,
  author = {AlchemyAPI},
  title = {{Named Entity Extraction and Sentiment Analysis APIs}},
  year = {2011},
  note = {http://www.alchemyapi.com/api/} 
}

@article{pang2008,
 author = {Pang, Bo and Lee, Lillian},
 title = {{Opinion Mining and Sentiment Analysis}},
 journal = {{In: Journal of Foundations and Trends in Information Retrieval.}},
 issue = {1-2},
 month = {January},
 year = {2008},
 issn = {1554-0669},
 pages = {1--135},
 numpages = {135},
 doi = {10.1561/1500000011},
 acmid = {1454712},
 publisher = {Now Publishers Inc.},
 address = {Hanover, MA, USA},
} 

@inproceedings{hu2004,
 author = {Hu, Minqing and Liu, Bing},
 title = {{Mining and Summarizing Customer Reviews}},
 booktitle = {{Proceedings of the 10$^{th}$ ACM SIGKDD International Conference on Knowledge Discovery and Data Mining}},
 series = {KDD '04},
 year = {2004},
 isbn = {1-58113-888-1},
 location = {Seattle, WA, USA},
 pages = {168--177},
 numpages = {10},
 acmid = {1014073},
 publisher = {ACM},
 address = {New York, NY, USA},
 keywords = {reviews, sentiment classification, summarization, text mining},
} 
